@article{Adderley:2024czm,
    author = "Adderley, P. A. and others",
    title = "{The Continuous Electron Beam Accelerator Facility at 12~GeV}",
    eprint = "2408.16880",
    archivePrefix = "arXiv",
    primaryClass = "physics.acc-ph",
    reportNumber = "JLAB-ACC-23-3940",
    doi = "10.1103/PhysRevAccelBeams.27.084802",
    journal = "Phys. Rev. Accel. Beams",
    volume = "27",
    number = "8",
    pages = "084802",
    year = "2024"
}


